<record><leader>00000cas a22000007a 4500</leader><controlfield tag="001">28408125</controlfield><controlfield tag="008">930709d1uuu1927caudn ne      0    0eng d</controlfield><controlfield tag="009">14485</controlfield><datafield ind1=" " ind2=" " tag="010"><subfield code="a">sn 93051545 </subfield></datafield><datafield ind1=" " ind2=" " tag="040"><subfield code="a">CUY</subfield><subfield code="b">eng</subfield><subfield code="c">CNK</subfield><subfield code="d">OCLCQ</subfield><subfield code="d">ZAP</subfield><subfield code="d">OCLCQ</subfield><subfield code="d">OCLCO</subfield><subfield code="d">OCLCF</subfield></datafield><datafield ind1="1" ind2=" " tag="029"><subfield code="a">AU@</subfield><subfield code="b">000025894678</subfield></datafield><datafield ind1=" " ind2=" " tag="042"><subfield code="a">msc</subfield></datafield><datafield ind1=" " ind2=" " tag="043"><subfield code="a">n-us-ca</subfield></datafield><datafield ind1="0" ind2=" " tag="130"><subfield code="a">Willows daily journal (Willows, Calif. : 1917)</subfield></datafield><datafield ind1="1" ind2="0" tag="245"><subfield code="a">Willows daily journal.</subfield></datafield><datafield ind1="3" ind2="0" tag="246"><subfield code="a">Daily Willows journal</subfield></datafield><datafield ind1="3" ind2="0" tag="246"><subfield code="a">Journal Willows daily</subfield></datafield><datafield ind1=" " ind2=" " tag="260"><subfield code="a">Willows, Glenn County, Cal. :</subfield><subfield code="b">E.M. Sehorn</subfield></datafield><datafield ind1=" " ind2=" " tag="300"><subfield code="a">v.</subfield></datafield><datafield ind1=" " ind2=" " tag="310"><subfield code="a">Daily (except Sun.)</subfield></datafield><datafield ind1="0" ind2=" " tag="362"><subfield code="a">-v. 38, no. 237 (Nov. 14, 1927).</subfield></datafield><datafield ind1=" " ind2=" " tag="500"><subfield code="a">Published as: Daily Willows journal, Sept. 24, 1918, July 11-15, 1919.</subfield></datafield><datafield ind1=" " ind2=" " tag="500"><subfield code="a">Published as: Journal Willows daily, Feb. 18, 1919.</subfield></datafield><datafield ind1=" " ind2=" " tag="588"><subfield code="a">Description based on: Vol. 29, no. 284 (Apr. 4, 1917).</subfield></datafield><datafield ind1=" " ind2="0" tag="651"><subfield code="a">Glenn County (Calif.)</subfield><subfield code="v">Newspapers.</subfield></datafield><datafield ind1=" " ind2="0" tag="651"><subfield code="a">Willows (Calif.)</subfield><subfield code="v">Newspapers.</subfield></datafield><datafield ind1=" " ind2="7" tag="655"><subfield code="a">Newspapers.</subfield><subfield code="2">fast</subfield><subfield code="0">(OCoLC)fst01423814</subfield></datafield><datafield ind1=" " ind2="7" tag="651"><subfield code="a">California</subfield><subfield code="z">Glenn County.</subfield><subfield code="2">fast</subfield><subfield code="0">(OCoLC)fst01215707</subfield></datafield><datafield ind1=" " ind2="7" tag="651"><subfield code="a">California</subfield><subfield code="z">Willows.</subfield><subfield code="2">fast</subfield><subfield code="0">(OCoLC)fst01215519</subfield></datafield><datafield ind1=" " ind2=" " tag="752"><subfield code="a">United States</subfield><subfield code="b">California</subfield><subfield code="c">Glenn</subfield><subfield code="d">Willows.</subfield></datafield><datafield ind1="0" ind2=" " tag="775"><subfield code="t">Willows semi-weekly journal</subfield><subfield code="w">(DLC)sn 93051543</subfield></datafield><datafield ind1="0" ind2="0" tag="785"><subfield code="t">Willows journal (Willows, Calif. : 1927 : Daily)</subfield><subfield code="w">(DLC)sn 93051546</subfield></datafield></record>